<record xmlns="http://www.loc.gov/MARC21/slim" xmlns:xsi="http://www.w3.org/2001/XMLSchema-instance" xsi:schemaLocation="http://www.loc.gov/MARC21/slim http://www.loc.gov/standards/marcxml/schema/MARC21slim.xsd">

  <leader>00520nam a22001577a 4500</leader>
  <datafield tag="999" ind2=" " ind1=" ">
    <subfield code="c">3051</subfield>
    <subfield code="d">3051</subfield>
  </datafield>
  <controlfield tag="008">160128b2012    cr ||||| |||| 00| | spa d</controlfield>
  <datafield tag="090" ind2=" " ind1=" ">
    <subfield code="a">04.01.01</subfield>
    <subfield code="b">1289</subfield>
  </datafield>
  <datafield tag="110" ind2=" " ind1="1">
    <subfield code="9">1370</subfield>
    <subfield code="a">Costa Rica. Leyes, Decretos, etc.</subfield>
  </datafield>
  <datafield ind2="0" tag="245" ind1="1">
    <subfield code="a">Ley 7600 De igualdad de oportunidades para las personas con discapacidad</subfield>
  </datafield>
  <datafield ind1=" " ind2=" " tag="260">
    <subfield code="a">[Lugar de publicación no identificado] :</subfield>
    <subfield code="b">CNREE,</subfield>
    <subfield code="c">2012</subfield>
  </datafield>
  <datafield ind2=" " tag="300" ind1=" ">
    <subfield code="a">53 páginas</subfield>
  </datafield>
  <datafield ind1="1" tag="650" ind2="4">
    <subfield code="9">45</subfield>
    <subfield code="a">LEGISLACIÓN</subfield>
  </datafield>
  <datafield ind2="4" tag="650" ind1="1">
    <subfield code="9">952</subfield>
    <subfield code="a"> IGUALDAD DE OPORTUNIDADES</subfield>
  </datafield>
  <datafield tag="650" ind2="4" ind1="1">
    <subfield code="9">477</subfield>
    <subfield code="a">DISCAPACIDAD </subfield>
  </datafield>
  <datafield ind2=" " tag="942" ind1=" ">
    <subfield code="2">z</subfield>
    <subfield code="c">01</subfield>
  </datafield>
</record>